@MISC{minicoursePart1,
  AUTHOR = {Bishop, Alex},
  HOWPUBLISHED = {Available at \url{https://github.com/alexbishop/unige_minicourse_2024_decision_problems}},
  TITLE = {Minicourse: Decision problems in group theory},
}

@INPROCEEDINGS{adyan1955algorithmic,
  AUTHOR = {Adyan, Sergei I},
  BOOKTITLE = {Dokl. Akad. Nauk SSSR (NS)},
  DATE = {1955},
  NUMBER = {4},
  PAGES = {533--535},
  TITLE = {Algorithmic unsolvability of problems of recognition of certain properties of groups},
  VOLUME = {103},
}

@ARTICLE{rabin1958recursive,
  AUTHOR = {Rabin, Michael O},
  PUBLISHER = {JSTOR},
  DATE = {1958},
  JOURNALTITLE = {Annals of Mathematics},
  NUMBER = {1},
  PAGES = {172--194},
  TITLE = {Recursive unsolvability of group theoretic problems},
  VOLUME = {67},
}

