@misc{amsinotes,
  author        = {Elder, Murray and Garrido, Alejandra and Reeves, Lawrence},
  day = 30,
  title         = {{AMSI} Summer School 2020: Geometric Group Theory},
  month         = {January},
  year          = {2020},
  url = {https://sites.google.com/view/amsiggt2020/course-notes},
}

@ARTICLE{anisimov1971,
  AUTHOR = {Anisimov, A. V.},
  DATE = {1971},
  ISSN = {0023-1274},
  JOURNALTITLE = {Kibernetika (Kiev)},
  NUMBER = {4},
  PAGES = {18--24},
  TITLE = {The group languages},
  VOLUME = {7},
}

@ARTICLE{arzhantseva,
  AUTHOR = {Arzhantseva, G. N. and Ol{\cprime}shanski\u{\i{}}, A. Yu.},
  URL = {http://dx.doi.org/10.1007/BF02308683},
  DATE = {1996},
  DOI = {10.1007/BF02308683},
  ISSN = {0025-567X},
  JOURNALTITLE = {Mat. Zametki},
  NUMBER = {4},
  PAGES = {489--496,638},
  TITLE = {Generality of the class of groups in which subgroups with a lesser number of generators are free},
  VOLUME = {59},
}

@ARTICLE{Auslander1967,
  AUTHOR = {Auslander, Louis},
  URL = {https://doi.org/10.2307/1970362},
  DATE = {1967},
  DOI = {10.2307/1970362},
  ISSN = {0003-486X},
  JOURNALTITLE = {Ann. of Math. (2)},
  PAGES = {112--116},
  TITLE = {On a problem of {P}hilip {H}all},
  VOLUME = {86},
}

@MISC{minicoursePrev,
  AUTHOR = {Bishop, Alex},
  HOWPUBLISHED = {Available at \url{https://github.com/alexbishop/unige_minicourse_2023_volume_growth}},
  TITLE = {Minicourse: On the volume growth of finitely-generated groups},
}

@ARTICLE{church1932,
  AUTHOR = {Church, Alonzo},
  URL = {http://www.jstor.org/stable/1968337},
  DATE = {1932},
  ISSN = {0003486X, 19398980},
  JOURNALTITLE = {Annals of Mathematics},
  NUMBER = {2},
  PAGES = {346--366},
  TITLE = {A Set of Postulates for the Foundation of Logic},
  URLDATE = {2025-01-25},
  VOLUME = {33},
}

@ARTICLE{collins1986,
  AUTHOR = {Collins, Donald J.},
  URL = {http://projecteuclid.org/euclid.ijm/1256044631},
  DATE = {1986},
  ISSN = {0019-2082},
  JOURNALTITLE = {Illinois J. Math.},
  NUMBER = {2},
  PAGES = {230--234},
  TITLE = {A simple presentation of a group with unsolvable word problem},
  VOLUME = {30},
}

@ARTICLE{dehn1911,
  AUTHOR = {Dehn, M.},
  URL = {https://doi.org/10.1007/BF01456932},
  DATE = {1911},
  DOI = {10.1007/BF01456932},
  ISSN = {0025-5831,1432-1807},
  JOURNALTITLE = {Math. Ann.},
  NUMBER = {1},
  PAGES = {116--144},
  TITLE = {\"{U}ber unendliche diskontinuierliche {G}ruppen},
  VOLUME = {71},
}

@ARTICLE{elder2008,
  AUTHOR = {Elder, Murray and Kambites, Mark and Ostheimer, Gretchen},
  DATE = {2008},
  DOI = {10.1142/S0218196708004901},
  ISSN = {0218-1967},
  JOURNALTITLE = {Internat. J. Algebra Comput.},
  NUMBER = {8},
  PAGES = {1345--1364},
  TITLE = {On groups and counter automata},
  VOLUME = {18},
}

@INCOLLECTION{gromov_asymptotic,
  AUTHOR = {Gromov, M.},
  PUBLISHER = {Cambridge Univ. Press, Cambridge},
  BOOKTITLE = {Geometric group theory, {V}ol. 2 ({S}ussex, 1991)},
  DATE = {1993},
  PAGES = {1--295},
  SERIES = {London Math. Soc. Lecture Note Ser.},
  TITLE = {Asymptotic invariants of infinite groups},
  VOLUME = {182},
}

@ARTICLE{Gromov1981,
  AUTHOR = {Gromov, Mikhael},
  URL = {http://www.numdam.org/item?id=PMIHES_1981__53__53_0},
  DATE = {1981},
  ISSN = {0073-8301,1618-1913},
  JOURNALTITLE = {Inst. Hautes \'{E}tudes Sci. Publ. Math.},
  NUMBER = {53},
  PAGES = {53--73},
  TITLE = {Groups of polynomial growth and expanding maps},
}

@ARTICLE{higman1961,
  AUTHOR = {Higman, G.},
  URL = {https://doi.org/10.1098/rspa.1961.0132},
  DATE = {1961},
  DOI = {10.1098/rspa.1961.0132},
  ISSN = {0962-8444,2053-9169},
  JOURNALTITLE = {Proc. Roy. Soc. London Ser. A},
  PAGES = {455--475},
  TITLE = {Subgroups of finitely presented groups},
  VOLUME = {262},
}

@BOOK{lyndon2001,
  AUTHOR = {Lyndon, Roger C. and Schupp, Paul E.},
  PUBLISHER = {Springer Berlin Heidelberg},
  URL = {http://dx.doi.org/10.1007/978-3-642-61896-3},
  DATE = {2001},
  DOI = {10.1007/978-3-642-61896-3},
  ISBN = {9783642618963},
  ISSN = {1431-0821},
  JOURNALTITLE = {Classics in Mathematics},
  TITLE = {Combinatorial Group Theory},
}

@ARTICLE{muller1983,
  AUTHOR = {Muller, David E. and Schupp, Paul E.},
  DATE = {1983},
  DOI = {10.1016/0022-0000(83)90003-X},
  ISSN = {0022-0000},
  JOURNALTITLE = {J. Comput. System Sci.},
  NUMBER = {3},
  PAGES = {295--310},
  TITLE = {Groups, the theory of ends, and context-free languages},
  VOLUME = {26},
}

@ARTICLE{poincare1900,
  AUTHOR = {Poincar\'{e}, Henri},
  PUBLISHER = {Wiley Online Library},
  DATE = {1900},
  JOURNALTITLE = {Proceedings of the London Mathematical Society},
  NUMBER = {1},
  PAGES = {277--308},
  TITLE = {Second compl\'{e}ment \`{a} l'analysis situs},
  VOLUME = {1},
}

@ARTICLE{turing1936,
  AUTHOR = {Turing, A. M.},
  DATE = {1936},
  DOI = {10.1112/plms/s2-42.1.230},
  ISSN = {0024-6115},
  JOURNALTITLE = {Proc. London Math. Soc. (2)},
  NUMBER = {3},
  PAGES = {230--265},
  TITLE = {On Computable Numbers, with an Application to the Entscheidungsproblem},
  VOLUME = {42},
}

@ARTICLE{wang2016,
  AUTHOR = {Wang, Xiaofeng and Li, Guo and Yang, Ling and Lin, Hanling},
  DATE = {2016},
  DOI = {10.1080/00927872.2015.1065867},
  ISSN = {0092-7872},
  JOURNALTITLE = {Comm. Algebra},
  NUMBER = {7},
  PAGES = {3020--3037},
  TITLE = {Groups with two generators having unsolvable word problem and presentations of {M}ihailova subgroups of braid groups},
  VOLUME = {44},
}
